@book{Goodfellow-et-al-2016,
  title     = {Deep Learning},
  author    = {Ian Goodfellow and Yoshua Bengio and Aaron Courville},
  publisher = {MIT Press},
  note      = {\url{http://www.deeplearningbook.org}},
  year      = {2016}
}

@book{nielsen,
  title     = {Neural Networks and Deep Learning},
  author    = {Michael A. Nielsen},
  year      = {2015},
  publisher = {Determination Press},
  note      = {\url{http://neuralnetworksanddeeplearning.com/}}
}

@book{chollet,
  title     = {Deep Learning with Python},
  author    = {Fran{\c c}ois Chollet},
  year      = {2017},
  publisher = {Manning Publications Co.}
}